@Article{McCormick:1987:DefinitionOfVisualization,
 title = {Definition of Visualization},
 editor = {McCormick, B. H. and DeFanti, T. A. and Brown, M. D.},
 journal = {SIGGRAPH Comput. Graph.},
 year = {1987},
 issn = {0097-8930},
 volume = {21},
 number = {6},
 pages = {3--3},
 issue_date = {Nov. 1987},
 publisher = {ACM},
 address = {New York, NY, USA},
}

@article{McCormick:1988:VisualizationInScientificComputing,
	author = {McCormick, B. H.},
	title = {Visualization in Scientific Computing},
	journal = {SIGBIO Newsl.},
	issue_date = {March, 1988},
	volume = {10},
	number = {1},
	month = mar,
	year = {1988},
	issn = {0163-5697},
	pages = {15--21},
	numpages = {7},
	url = {http://doi.acm.org/10.1145/43965.43966},
	doi = {10.1145/43965.43966},
	acmid = {43966},
	publisher = {ACM},
	address = {New York, NY, USA},
} 

@article{Friedhoff:1990:eye,
	title={The eye of the beholder},
	author={Friedhoff, Richard Mark and Kiely, Thomas},
	journal={Computer Graphics World},
	volume={13},
	number={8},
	pages={46},
	year={1990}
}

@INPROCEEDINGS{Shneiderman:1996:TheEyesHaveIt,
	author={Shneiderman, B.},
	booktitle={Visual Languages, 1996. Proceedings., IEEE Symposium on},
	title={The eyes have it: a task by data type taxonomy for information visualizations},
	year={1996},
	pages={336-343},
	keywords={data visualisation;graphical user interfaces;visual programming;advanced graphical user interface design;data type taxonomy;information visualizations;multi dimensional data;network data;visual information seeking;Art;Data mining;Data visualization;Displays;Eyes;Information filtering;Information filters;Multimedia databases;Taxonomy;Visual databases},
	doi={10.1109/VL.1996.545307},
	ISSN={1049-2615},
	month={09},}

@misc{Stevens:1946:TheoryOfScales,
	title={On the theory of scales of measurement},
	author={Stevens, Stanley Smith},
	year={1946},
	publisher={Bobbs-Merrill, College Division}
}

@misc{Friendly:95:Milestones,
	author = {Michael Friendly},
	title = {Milestones in the history of thematic cartography, statistical graphics, and data visualization },
	year = {1995},
}

@online{Web:KonyaTownMap,
	Author = {{Arno Klein}},
	Title = {Information Visualization Database},
	Url = {http://www.infovis.info/index.php?words=konya},
	Urldate = {2015-08-27},
	Year = {2015}}

@online{Web:LiviusOrg:PeutingerMap,
	Author = {{Jona Lendering}},
	Title = {Livius.org - Articles on ancient history},
	Url = {http://www.livius.org/pen-pg/peutinger/map.html},
	Urldate = {2015-08-27},
	Year = {2015}}

@book{Capra:2013:LearningFromLeonardo,
	title={Learning from Leonardo: Decoding the Notebooks of a Genius},
	author={Capra, Fritjof},
	year={2013},
	publisher={Berrett-Koehler Publishers}
}

@book{Tufte:1983:VisualDisplay,
	title={The visual display of quantitative information},
	author={Tufte, Edward R and Graves-Morris, PR},
	volume={2},
	number={9},
	year={1983},
	publisher={Graphics press Cheshire, CT}
}

@book{Tufte:1997:VisualExplanations,
	title={Visual explanations: images and quantities, evidence and narrative},
	author={Tufte, Edward R and Weise Moeller, E},
	volume={36},
	year={1997},
	publisher={Graphics Press Cheshire, CT}
}

@article {Chen:2010:InformationVisualization,
	author = {Chen, Chaomei},
	title = {Information visualization},
	journal = {Wiley Interdisciplinary Reviews: Computational Statistics},
	volume = {2},
	number = {4},
	publisher = {John Wiley & Sons, Inc.},
	issn = {1939-0068},
	url = {http://dx.doi.org/10.1002/wics.89},
	doi = {10.1002/wics.89},
	pages = {387--403},
	keywords = {information visualization, visual analytics, interactive dynamic graphics/interactive, visual thinking, visual design, human perception},
	year = {2010},
}

@inproceedings{Cox:1966:ProgrammedConsole,
	title={The Programmed Console: An Aid to the Radiologist in Treatment Planning},
	author={Cox, JR and Gerth, VW and Holmes, WF},
	booktitle={First international Conference on The Use of Computers In Therapeutic Radiology, Cambridge, England},
	year={1966}
}

@article{Holmes:1970:BeamTreatmentPlanning,
	author = {William F. Holmes},
	title = {External Beam Treatment-Planning with the Programmed Console},
	journal = {Radiology},
	volume = {94},
	number = {2},
	pages = {391-400},
	year = {1970},
	doi = {10.1148/94.2.391},
	note ={PMID: 5412809},
}

@book{Preim:2013:VisualComputingForMedicine,
	title={{Visual Computing for Medicine: Theory, Algorithms, and Applications}},
	author={Preim, B. and Botha, C.P.},
	isbn={9780124159792},
	series={The Morgan Kaufmann Series in Computer Graphics},
	url={http://books.google.de/books?id=saAYAAAAQBAJ},
	year={2013},
	publisher={Elsevier Science}
}

@article {Roentgen:1898:NeueArtStrahlen,
	author = {RÃ¶ntgen, W. C.},
	title = {Ueber eine neue Art von Strahlen},
	journal = {Annalen der Physik},
	volume = {300},
	number = {1},
	publisher = {WILEY-VCH Verlag},
	issn = {1521-3889},
	url = {http://dx.doi.org/10.1002/andp.18983000102},
	doi = {10.1002/andp.18983000102},
	pages = {1--11},
	year = {1898},
}

@article{Hounsfield:1973:ComputedTomography,
	author = {G. N. Hounsfield},
	title = {Computerized transverse axial scanning (tomography): Part 1. Description of system},
	journal = {The British Journal of Radiology},
	volume = {46},
	number = {552},
	pages = {1016-1022},
	year = {1973},
	doi = {10.1259/0007-1285-46-552-1016},
	note ={PMID: 4757352}
}

@INPROCEEDINGS{Kanitsar:2002:CPR,
	author={Kanitsar, A. and Fleischmann, D. and Wegenkittl, R. and Felkel, P. and Groller, M.E.},
	booktitle={Visualization, 2002. VIS 2002. IEEE},
	title={CPR - curved planar reformation},
	year={2002},
	pages={37-44},
	keywords={blood vessels;computerised tomography;data visualisation;medical image processing;rendering (computer graphics);blood vessels;computed tomography;curved planar reformation;diagnostic purposes;image generation;longitudinal cross-sections;medical imaging;multi-path-CPR;rotating-CPR;surrounding tissue;thick-CPR;tubular structures;visualization;Biomedical imaging;Blood vessels;Chromium;Computed tomography;Computer displays;Computer graphics;Data visualization;Image generation;Magnetic resonance imaging;Radiology},
	doi={10.1109/VISUAL.2002.1183754},
	month={Nov},
}

@INPROCEEDINGS{Kanitsar:2003:CPR,
	author={Kanitsar, A. and Wegenkittl, R. and Fleischmann, D. and Groller, M.E.},
	booktitle={Visualization, 2003. VIS 2003. IEEE},
	title={Advanced curved planar reformation: flattening of vascular structures},
	year={2003},
	pages={43-50},
	keywords={angiocardiography;blood vessels;cardiovascular system;computerised tomography;data visualisation;medical image processing;rendering (computer graphics);computed tomography angiography;curved planar reformation;feature perception;helical spiral;medical visualization;spatial coherence;vascular structures;vascular tree;vascular visualization;vessel analysis;vessel visualization;vessel volume;Angiography;Arteries;Biomedical imaging;Computed tomography;Data visualization;Displays;Magnetic resonance imaging;Medical diagnostic imaging;Spatial coherence;Tree graphs},
	doi={10.1109/VISUAL.2003.1250353},
	month={Oct},
}

@ARTICLE{Kretschmer:2014:ADR,
	author={Kretschmer, J. and Soza, G. and Tietjen, C. and Suehling, M. and Preim, B. and Stamminger, M.},
	journal={Visualization and Computer Graphics, IEEE Transactions on},
	title={ADR - Anatomy-Driven Reformation},
	year={2014},
	volume={20},
	number={12},
	pages={2496-2505},
	keywords={data visualisation;medical computing;mesh generation;ADR method;anatomical geometry;anatomical structures;anatomy-driven reformation;computer-aided medical application;curved planar reformation;curved surface;diagnostic work;error distribution;generic triangular surface mesh;medical workflow;multiplanar reformation;nonlinear as-rigid-as-possible volumetric deformation scheme;reformatted medical volumes;slice-based inspection;therapeutic work;visual quality;visualization methods;Anatomical structure;Computed tomography;Computer aided diagnosis;Medical diagnosis;Three-dimensional displays;Medical Visualization;Viewing Algorithms;Volume Reformation},
	doi={10.1109/TVCG.2014.2346405},
	ISSN={1077-2626},
	month={Dec},
}

@ARTICLE{Williams:2008:VirtualColonoscopy,
	author={Williams, David and Grimm, S. and Coto, Ernesto and Roudsari, Abdul and Hatzakis, Haralambos},
	journal={Visualization and Computer Graphics, IEEE Transactions on},
	title={Volumetric Curved Planar Reformation for Virtual Endoscopy},
	year={2008},
	volume={14},
	number={1},
	pages={109-119},
	keywords={colon screening;curved planar reformation;virtual endoscopy;Algorithms;Colonography, Computed Tomographic;Computer Graphics;Computer Simulation;Image Enhancement;Image Interpretation, Computer-Assisted;Imaging, Three-Dimensional;Information Storage and Retrieval;Models, Biological;Numerical Analysis, Computer-Assisted;Pattern Recognition, Automated},
	doi={10.1109/TVCG.2007.1068},
	ISSN={1077-2626},
	month={Jan},}

@incollection{Livnat:2005:IsosurfaceExtraction,
	title = "2 - Accelerated Isosurface Extraction Approaches ",
	editor = "Johnson, Charles D. HansenChris R. ",
	booktitle = "Visualization Handbook ",
	publisher = "Butterworth-Heinemann",
	edition = "",
	address = "Burlington",
	year = "2005",
	pages = "39 - IV",
	isbn = "978-0-12-387582-2",
	doi = "http://dx.doi.org/10.1016/B978-012387582-2/50004-6",
	url = "http://www.sciencedirect.com/science/article/pii/B9780123875822500046",
	author = "Yarden Livnat"
}

@article{Lorensen:1987:MarchingCubes,
	author = {Lorensen, William E. and Cline, Harvey E.},
	title = {Marching Cubes: A High Resolution 3D Surface Construction Algorithm},
	journal = {SIGGRAPH Comput. Graph.},
	issue_date = {July 1987},
	volume = {21},
	number = {4},
	month = aug,
	year = {1987},
	issn = {0097-8930},
	pages = {163--169},
	numpages = {7},
	url = {http://doi.acm.org/10.1145/37402.37422},
	doi = {10.1145/37402.37422},
	acmid = {37422},
	publisher = {ACM},
	address = {New York, NY, USA},
} 

@inproceedings{Kruger:2003:RayCasting,
	author = {Kruger, J. and Westermann, R.},
	title = {Acceleration Techniques for GPU-based Volume Rendering},
	booktitle = {Proceedings of the 14th IEEE Visualization 2003 (VIS'03)},
	series = {VIS '03},
	year = {2003},
	isbn = {0-7695-2030-8},
	pages = {38--},
	url = {http://dx.doi.org/10.1109/VIS.2003.10001},
	doi = {10.1109/VIS.2003.10001},
	acmid = {1081482},
	publisher = {IEEE Computer Society},
	address = {Washington, DC, USA},
	keywords = {Volume Rendering, Programmable Graphics Hardware, Ray-Casting},
} 

@ARTICLE{Max:1995:VolumeRenderingIntegral,
	author={Max, N.},
	journal={Visualization and Computer Graphics, IEEE Transactions on},
	title={Optical models for direct volume rendering},
	year={1995},
	volume={1},
	number={2},
	pages={99-108},
	keywords={clouds;differential equations;integral equations;light absorption;light reflection;light scattering;rendering (computer graphics);reviews;absorbing;calculation methods;cloud;differential equations;direct volume rendering;glowing;illumination;integral equations;light interaction;multiple scattering model;optical models;reflecting;scattering;shadows;volume densities;Absorption;Computational modeling;Grid computing;Interpolation;Light scattering;Optical computing;Optical scattering;Rendering (computer graphics);Stimulated emission;X-ray scattering},
	doi={10.1109/2945.468400},
	ISSN={1077-2626},
	month={Jun},
}

@article{Bruckner:2009:MIDA,
	author = {Bruckner, Stefan and GrÃ¶ller, M. Eduard},
	title = {Instant Volume Visualization using Maximum Intensity Difference Accumulation},
	journal = {Computer Graphics Forum},
	volume = {28},
	number = {3},
	publisher = {Blackwell Publishing Ltd},
	issn = {1467-8659},
	url = {http://dx.doi.org/10.1111/j.1467-8659.2009.01474.x},
	doi = {10.1111/j.1467-8659.2009.01474.x},
	pages = {775--782},
	keywords = {I.3.3 [Computer Graphics]: Picture/Image Generation-Display algorithms},
	year = {2009},
}

@mastersthesis{Metz:2005:DRR,
	author = {C.T. Metz},
	year = {2005},
	school = {Utrecht University},
	title = {Digitally Reconstructed Radiographs},
}

@article{Milickovic:2000:DRR,
	author={N Milickovic and D Baltas and S Giannouli and M Lahanas and N Zamboglou},
	title={CT imaging based digitally reconstructed radiographs and their application in brachytherapy},
	journal={Physics in Medicine and Biology},
	volume={45},
	number={10},
	pages={2787},
	url={http://stacks.iop.org/0031-9155/45/i=10/a=305},
	year={2000},
}

@book{Engel:2006:VolumeGraphics,
	title={Real-time volume graphics},
	author={Engel, Klaus and Hadwiger, Markus and Kniss, Joe and Rezk-Salama, Christof and Weiskopf, Daniel},
	year={2006},
	publisher={CRC Press}
}

@ARTICLE{Lindemann:2011:IlluminationSurvey,
	author={Lindemann, F. and Ropinski, T.},
	journal={Visualization and Computer Graphics, IEEE Transactions on},
	title={About the Influence of Illumination Models on Image Comprehension in Direct Volume Rendering},
	year={2011},
	volume={17},
	number={12},
	pages={1922-1931},
	keywords={gradient methods;lighting;rendering (computer graphics);depth perception;direct volume rendering;directional occlusion shading;dynamic ambient occlusion;gradient based shading;half angle slicing;image comprehension;multidirectional occlusion shading;shadow volume propagation;size perception;spatial comprehension;spherical harmonic lighting;volumetric illumination models;Computational modeling;Harmonic analysis;Image color analysis;Light sources;Rendering (computer graphics);Solid modeling;Volumetric illumination;spatial comprehension.;volume rendering},
	doi={10.1109/TVCG.2011.161},
	ISSN={1077-2626},
	month={Dec},
}

@article {Joensson:2014:IlluminationSurvey,
	author = {JÃ¶nsson, Daniel and SundÃ©n, Erik and Ynnerman, Anders and Ropinski, Timo},
	title = {A Survey of Volumetric Illumination Techniques for Interactive Volume Rendering},
	journal = {Computer Graphics Forum},
	volume = {33},
	number = {1},
	issn = {1467-8659},
	url = {http://dx.doi.org/10.1111/cgf.12252},
	doi = {10.1111/cgf.12252},
	pages = {27--51},
	keywords = {volume rendering, rendering, volume visualization, visualization, illumination rendering, rendering, I.3.3 [Computer Graphics]: Picture/Image GenerationVolume Rendering},
	year = {2014},
}

@inproceedings{Crassin:2009:GigaVoxels,
	author = {Crassin, Cyril and Neyret, Fabrice and Lefebvre, Sylvain and Eisemann, Elmar},
	title = {GigaVoxels: Ray-guided Streaming for Efficient and Detailed Voxel Rendering},
	booktitle = {Proceedings of the 2009 Symposium on Interactive 3D Graphics and Games},
	series = {I3D '09},
	year = {2009},
	isbn = {978-1-60558-429-4},
	location = {Boston, Massachusetts},
	pages = {15--22},
	numpages = {8},
	url = {http://doi.acm.org/10.1145/1507149.1507152},
	doi = {10.1145/1507149.1507152},
	acmid = {1507152},
	publisher = {ACM},
	address = {New York, NY, USA},
} 

@PhdThesis\{Crassin:2011:GigaVoxels,
	author       = "Crassin, Cyril",
	title        = "GigaVoxels: A Voxel-Based Rendering Pipeline For Efficient Exploration Of Large And Detailed Scenes",
	school       = "UNIVERSITE DE GRENOBLE",
	month        = "July",
	year         = "2011",
	note         = "English and web-optimized version.",
	url          = "http://maverick.inria.fr/Publications/2011/Cra11"
}

@ARTICLE{Svakhine:2009:DepthEnhancing,
	author={Svakhine, N.A. and Ebert, D.S. and Andrews, W.M.},
	journal={Visualization and Computer Graphics, IEEE Transactions on},
	title={Illustration-Inspired Depth Enhanced Volumetric Medical Visualization},
	year={2009},
	volume={15},
	number={1},
	pages={77-86},
	doi={10.1109/TVCG.2008.56},
	ISSN={1077-2626},
	month={Jan},}

@ARTICLE{Kersten-Oertel:2014:DepthEnhancing,
	author={Kersten-Oertel, M. and Chen, S.J.-S. and Collins, D.L.},
	journal={Visualization and Computer Graphics, IEEE Transactions on},
	title={An Evaluation of Depth Enhancing Perceptual Cues for Vascular Volume Visualization in Neurosurgery},
	year={2014},
	volume={20},
	number={3},
	pages={391-403},
	doi={10.1109/TVCG.2013.240},
	ISSN={1077-2626},
	month={March},}

@article{Treisman:1985:PreattentiveProcessing,
	title = "Preattentive processing in vision ",
	journal = "Computer Vision, Graphics, and Image Processing ",
	volume = "31",
	number = "2",
	pages = "156 - 177",
	year = "1985",
	note = "",
	issn = "0734-189X",
	doi = "http://dx.doi.org/10.1016/S0734-189X(85)80004-9",
	url = "http://www.sciencedirect.com/science/article/pii/S0734189X85800049",
	author = "Anne Treisman"
}

@book{Goldstein:2013:Perception,
	title={Sensation and Perception, Ninth Edition},
	author={Bruce Goldstein, E.},
	year={2014},
	publisher={Cengage Learning}
}

@book{Ware:2012:IVP:PerceptionForDesign,
	author = {Ware, Colin},
	title = {Information Visualization: Perception for Design},
	year = {2012},
	isbn = {9780123814647, 9780123814654},
	edition = {3},
	publisher = {Morgan Kaufmann Publishers Inc.},
	address = {San Francisco, CA, USA},
} 

@inproceedings{Thomson:2005:UncertaintyTopology,
	author = {{Thomson}, J. and {Hetzler}, E. and {MacEachren}, A. and {Gahegan}, M. and {Pavel}, M.},
	title = "{A typology for visualizing uncertainty}",
	booktitle = {Society of Photo-Optical Instrumentation Engineers (SPIE) Conference Series},
	year = 2005,
	series = {Society of Photo-Optical Instrumentation Engineers (SPIE) Conference Series},
	volume = 5669,
	editor = {{Erbacher}, R.~F. and {Roberts}, J.~C. and {Gr{\"o}hn}, M.~T. and {B{\"o}rner}, K.},
	month = mar,
	pages = {146-157},
	doi = {10.1117/12.587254},
	adsurl = {http://adsabs.harvard.edu/abs/2005SPIE.5669..146T},
	adsnote = {Provided by the SAO/NASA Astrophysics Data System}
}

@article{Noble:2010:Ultrasound,
	author = {Noble, J A}, 
	title = {Ultrasound image segmentation and tissue characterization},
	volume = {224}, 
	number = {2}, 
	pages = {307-316}, 
	year = {2010}, 
	doi = {10.1243/09544119JEIM604}, 
	URL = {http://pih.sagepub.com/content/224/2/307.abstract}, 
	eprint = {http://pih.sagepub.com/content/224/2/307.full.pdf+html}, 
	journal = {Proceedings of the Institution of Mechanical Engineers, Part H: Journal of Engineering in Medicine} 
}

@article {Noble:2011:Ultrasound,
	author = {Noble, J. Alison and Navab, Nassir and Becher, H.},
	title = {Ultrasonic image analysis and image-guided interventions},
	volume = {1},
	number = {4},
	pages = {673--685},
	year = {2011},
	doi = {10.1098/rsfs.2011.0025},
	publisher = {Royal Society},
	isbn = {2042-8901},
	issn = {2042-8898},
	journal = {Interface Focus}
}

@article {Aldrich:2007:USPhysics,
	Title = {Basic physics of ultrasound imaging},
	Author = {Aldrich, John E},
	DOI = {10.1097/01.ccm.0000260624.99430.22},
	Number = {5 Suppl},
	Volume = {35},
	Month = {May},
	Year = {2007},
	Journal = {Critical care medicine},
	ISSN = {0090-3493},
	Pages = {S131â7},
	URL = {http://dx.doi.org/10.1097/01.CCM.0000260624.99430.22},
}

@article {Scanlan:1991:Artifacts,
	Title = {Sonographic artifacts and their origins},
	Author = {Scanlan, KA},
	DOI = {10.2214/ajr.156.6.2028876},
	Number = {6},
	Volume = {156},
	Month = {June},
	Year = {1991},
	Journal = {AJR. American journal of roentgenology},
	ISSN = {0361-803X},
	Pages = {1267â1272},
	URL = {http://intl.ajronline.org/cgi/reprint/156/6/1267.pdf},
}

@article{Karamalis:2012:ConfidenceMaps,
	title = "Ultrasound confidence maps using random walks",
	journal = "Medical Image Analysis",
	volume = "16",
	number = "6",
	pages = "1101 - 1112",
	year = "2012",
	note = "",
	issn = "1361-8415",
	doi = "10.1016/j.media.2012.07.005",
	url = "http://www.sciencedirect.com/science/article/pii/S1361841512000977",
	author = "Athanasios Karamalis and Wolfgang Wein and Tassilo Klein and Nassir Navab",
	keywords = "Ultrasound",
	keywords = "Confidence",
	keywords = "Random walks",
	keywords = "Transmission"
}

@incollection{Hennersperger:2014:EnergyMinimizationFramework,
	year={2014},
	isbn={978-3-319-10469-0},
	booktitle={Medical Image Computing and Computer-Assisted Intervention - MICCAI 2014},
	volume={8674},
	series={Lecture Notes in Computer Science},
	editor={Golland, Polina and Hata, Nobuhiko and Barillot, Christian and Hornegger, Joachim and Howe, Robert},
	doi={10.1007/978-3-319-10470-6_47},
	title={A Quadratic Energy Minimization Framework for Signal Loss Estimation from Arbitrarily Sampled Ultrasound Data},
	url={http://dx.doi.org/10.1007/978-3-319-10470-6_47},
	publisher={Springer International Publishing},
	author={Hennersperger, Christoph and Mateus, Diana and Baust, Maximilian and Navab, Nassir},
	pages={373-380},
	language={English}
}

@ARTICLE{Grady:2006:RandomWalks,
	author={Grady, L.},
	journal={Pattern Analysis and Machine Intelligence, IEEE Transactions on},
	title={Random Walks for Image Segmentation},
	year={2006},
	volume={28},
	number={11},
	pages={1768-1783},
	keywords={graph theory;image segmentation;combinatorial analogues;discrete potential theory;graph theory;image segmentation;interactive segmentation;prelabeled pixels;Circuits;Electric potential;Graph theory;Image segmentation;Iterative algorithms;Laplace equations;Pixel;Probability;Sparse matrices;Symmetric matrices;Image segmentation;Laplace equation;boundary completion.;combinatorial Dirichlet problem;graph cuts;graph theory;harmonic functions;interactive segmentation;random walks;Algorithms;Artificial Intelligence;Image Enhancement;Image Interpretation, Computer-Assisted;Information Storage and Retrieval;Models, Statistical;Pattern Recognition, Automated;Reproducibility of Results;Sensitivity and Specificity},
	doi={10.1109/TPAMI.2006.233},
	ISSN={0162-8828},
	month={Nov},
	}
	
@inproceedings{Chatelain:2015:UltrasoundServoing,
	TITLE = {{Optimization of ultrasound image quality via visual servoing}},
	AUTHOR = {Chatelain, Pierre and Krupa, Alexandre and Navab, Nassir},
	URL = {https://hal.inria.fr/hal-01121222},
	BOOKTITLE = {{IEEE Int. Conf. on Robotics and Automation, ICRA'15}},
	ADDRESS = {Seattle, United States},
	YEAR = {2015},
	MONTH = May,
	PDF = {https://hal.inria.fr/hal-01121222/file/icra2015a.pdf},
	HAL_ID = {hal-01121222},
	HAL_VERSION = {v1},
}
	
@book{Brookner:1998:Filtering,
	title={Tracking and Kalman filtering made easy},
	author={Brookner, E.},
	isbn={9780471184072},
	lccn={97033122},
	series={A Wiley-Interscience publication},
	year={1998},
	publisher={Wiley}
}

@book{Brooks:2008:Ultrasound,
	title={Ultrasound in emergency care},
	author={Brooks, Adam and Connolly, Jim and Chan, Otto},
	year={2008},
	publisher={John Wiley \& Sons}
}

@book{Cobbold:2007:UsFoundations,
	title={Foundations of biomedical ultrasound},
	author={Cobbold, Richard SC},
	year={2007},
	publisher={Oxford University}
}

@article{Curie:1880:PiezoEffect,
	title={D{\'e}veloppement, par pression, de lâ{\'e}lectricit{\'e} polaire dans les cristaux h{\'e}mi{\`e}dres {\`a} faces inclin{\'e}es},
	author={Curie, Jacques and Curie, Pierre},
	journal={Comptes Rendus},
	volume={91},
	pages={294--295},
	year={1880}
}

@inproceedings{Wild:1952:Application,
	title={Application of Echo-Ranging Techniques to the Determination of Structure of Biological Tissues},
	author={Wild, John J and Reid, John M},
	year={1952},
	organization={American Association for the Advancement of Science}
}

@article {Butter:2007:UsTraining,
	author = {Butter, John and Grant, Thomas H and Egan, Mari and Kaye, Marsha and Wayne, Diane B and CarriÃ³n-Carire, Violeta and McGaghie, William C},
	title = {Does ultrasound training boost Year 1 medical student competence and confidence when learning abdominal examination?},
	journal = {Medical Education},
	volume = {41},
	number = {9},
	publisher = {Blackwell Publishing Ltd},
	issn = {1365-2923},
	url = {http://dx.doi.org/10.1111/j.1365-2923.2007.02848.x},
	doi = {10.1111/j.1365-2923.2007.02848.x},
	pages = {843--848},
	year = {2007},
}

@article {Knudtson:2004:TraumaSuite,
	Title = {Surgeon-performed ultrasound for pneumothorax in the trauma suite},
	Author = {Knudtson, Jason L and Dort, Jonathan M and Helmer, Stephen D and Smith, R Stephen},
	DOI = {10.1097/01.ta.0000114529.99353.22},
	Number = {3},
	Volume = {56},
	Month = {March},
	Year = {2004},
	Journal = {The Journal of trauma},
	ISSN = {0022-5282},
	Pages = {527--530},
	URL = {http://dx.doi.org/10.1097/01.TA.0000114529.99353.22},
}

@article{MacEachren:2012:VisualSemiotics,
	author={MacEachren, A.M. and Roth, R.E. and O'Brien, J. and Li, B. and Swingley, D. and Gahegan, M.},
	journal={Visualization and Computer Graphics, IEEE Transactions on},
	title={Visual Semiotics \& Uncertainty Visualization: An Empirical Study},
	year={2012},
	month={Dec},
	volume={18},
	number={12},
	pages={2496-2505},
	keywords={data visualisation;iconic representations;intuitive abstract;map reading task;representation intuitiveness;typology;uncertainty visualization;visual semiotics;visual variable;Semiotics;Syntactics;Uncertainty;Visual analytics;Uncertainty visualization;semiotics;uncertainty categories;visual variables},
	doi={10.1109/TVCG.2012.279},
	ISSN={1077-2626}
}

@ARTICLE{Sanyal:2009:UncertaintyVis,
	author={Sanyal, J. and Song Zhang and Bhattacharya, G. and Amburn, P. and Moorhead, R.J.},
	journal={Visualization and Computer Graphics, IEEE Transactions on},
	title={A User Study to Compare Four Uncertainty Visualization Methods for {1D} and {2D} Datasets},
	year={2009},
	month={Nov},
	volume={15},
	number={6},
	pages={1209-1218},
	keywords={data visualisation;ANOVA;counting task;data surface;data visualization;error rate;errorbars;glyphs;search task;surface color-mapping;uncertainty visualization;Analysis of variance;Data acquisition;Data engineering;Data visualization;Error analysis;Pipelines;Quality assurance;Uncertainty;User study;uncertainty visualization},
	doi={10.1109/TVCG.2009.114},
	ISSN={1077-2626},
}

@ARTICLE{Kindlman:2006:GlyphPacking,
	author={Kindlmann, G. and Westin, C.-F.},
	journal={Visualization and Computer Graphics, IEEE Transactions on},
	title={Diffusion Tensor Visualization with Glyph Packing},
	year={2006},
	month={Sept},
	volume={12},
	number={5},
	pages={1329-1336},
	doi={10.1109/TVCG.2006.134},
	ISSN={1077-2626},
}

@inproceedings {Borgo:2012:GlyphVisualization,
	booktitle = {Eurographics 2013 - State of the Art Reports},
	editor = {M. Sbert and L. Szirmay-Kalos},
	title = {Glyph-based Visualization: Foundations, Design Guidelines, Techniques and Applications},
	author = {Borgo, Rita and Kehrer, Johannes and Chung, David H. S. and Maguire, Eamonn and Laramee, Robert S. and Hauser, Helwig and Ward, Matthew and Chen, Min},
	year = {2012},
	publisher = {The Eurographics Association},
	ISSN = {1017-4656},
	DOI = {10.2312/conf/EG2013/stars/039-063}
}

@inproceedings{Brown:2004:VibrationVis,
	author = {Brown, Ross},
	title = {Animated Visual Vibrations As an Uncertainty Visualisation Technique},
	booktitle = {Proceedings of the 2Nd International Conference on Computer Graphics and Interactive Techniques in Australasia and South East Asia},
	series = {GRAPHITE '04},
	year = {2004},
	isbn = {1-58113-883-0},
	location = {Singapore},
	pages = {84--89},
	numpages = {6},
	url = {http://doi.acm.org/10.1145/988834.988849},
	doi = {10.1145/988834.988849},
	acmid = {988849},
	publisher = {ACM},
	address = {New York, NY, USA},
	keywords = {stereo vision, uncertainty visualisation, vibrating textures, visual features},
} 

@INPROCEEDINGS{Kao:2001:Eosvis,
	author={Kao, D. and Dungan, J.L. and Pang, A.},
	booktitle={Visualization, 2001. VIS '01. Proceedings},
	title={Visualizing {2D} probability distributions from {EOS} satellite image-derived data sets: a case study},
	year={2001},
	month={Oct},
	pages={457-589},
	keywords={data visualisation;geophysics computing;uncertainty handling;Earth Observing System;Earth science;conditional simulation;distribution data sets;feature-wise;forest cover;geostatistics;ground measurements;pixel-wise;satellite imagery;uncertainty model;Data visualization;Earth Observing System;Frequency;Geophysical measurements;Geoscience;Image analysis;Predictive models;Probability distribution;Satellites;Uncertainty},
	doi={10.1109/VISUAL.2001.964550},
}

@ARTICLE{Lundstrom:2007:Animation,
	author={LundstrÃ¶m, C. and Ljung, P. and Persson, A. and Ynnerman, A.},
	journal={Visualization and Computer Graphics, IEEE Transactions on},
	title={Uncertainty Visualization in Medical Volume Rendering Using Probabilistic Animation},
	year={2007},
	month={Nov},
	volume={13},
	number={6},
	pages={1648-1655},
	keywords={biological tissues;computer animation;data visualisation;image classification;medical image processing;probability;rendering (computer graphics);uncertainty handling;diagnostic medical imaging;direct user interaction;direct volume rendering;medical data sets;medical volume rendering;probabilistic animation;probabilistic transfer function model;tissue classification task;uncertainty visualization;Animation;Biomedical imaging;Computed tomography;Data visualization;Focusing;Medical diagnostic imaging;Medical simulation;Sampling methods;Transfer functions;Uncertainty;Uncertainty;medical visualization;probability;transfer function;volume rendering;Algorithms;Anatomy, Artistic;Computer Graphics;Computer Simulation;Image Enhancement;Image Interpretation, Computer-Assisted;Imaging, Three-Dimensional;Medical Illustration;Models, Anatomic;Models, Statistical;Reproducibility of Results;Sensitivity and Specificity;Video Recording},
	doi={10.1109/TVCG.2007.70518},
	ISSN={1077-2626},
}

@book{Plataniotis:2000:ColorImageProcessing,
	title={Color image processing and applications},
	author={Plataniotis, Konstantinos N and Venetsanopoulos, Anastasios N},
	year={2000},
	publisher={Springer}
}

@article {Tokuda:2009:Openigtlink,
	author = {Tokuda, Junichi and Fischer, Gregory S. and Papademetris, Xenophon and Yaniv, Ziv and Ibanez, Luis and Cheng, Patrick and Liu, Haiying and Blevins, Jack and Arata, Jumpei and Golby, Alexandra J. and Kapur, Tina and Pieper, Steve and Burdette, Everette C. and Fichtinger, Gabor and Tempany, Clare M. and Hata, Nobuhiko},
	title = {{OpenIGTLink: an open network protocol for image-guided therapy environment}},
	journal = {The International Journal of Medical Robotics and Computer Assisted Surgery},
	volume = {5},
	number = {4},
	publisher = {John Wiley & Sons, Ltd.},
	issn = {1478-596X},
	url = {http://dx.doi.org/10.1002/rcs.274},
	doi = {10.1002/rcs.274},
	pages = {423--434},
	keywords = {image-guided therapy, surgical navigation, network communication protocol},
	year = {2009},
}

@ARTICLE{Wang:2004:SSIM,
	author={Zhou Wang and Bovik, A.C. and Sheikh, H.R. and Simoncelli, E.P.},
	journal={Image Processing, IEEE Transactions on},
	title={Image quality assessment: from error visibility to structural similarity},
	year={2004},
	volume={13},
	number={4},
	pages={600-612},
	doi={10.1109/TIP.2003.819861},
	ISSN={1057-7149},
	month={April},
}

@article{Peterson:2013:PerceptualOrganization,
	title={Perceptual organization in vision},
	author={Peterson, Mary A and Kimchi, Ruth},
	journal={The Oxford handbook of cognitive psychology},
	pages={9--31},
	year={2013},
	publisher={Oxford University Press New York, NY}
}

@article{Kleffner:1992:ShapeFromShading,
	year={1992},
	issn={0031-5117},
	journal={Perception \& Psychophysics},
	volume={52},
	number={1},
	doi={10.3758/BF03206757},
	title={On the perception of shape from shading},
	url={http://dx.doi.org/10.3758/BF03206757},
	publisher={Springer-Verlag},
	author={Kleffner, DorothyA. and Ramachandran, V.S.},
	pages={18-36},
	language={English}
}

@article{Coppola:1998:UnequalRepresentations,
	author = {Coppola, David M. and White, Leonard E. and Fitzpatrick, David and Purves, Dale}, 
	title = {Unequal representation of cardinal and oblique contours in ferret visual cortex},
	volume = {95}, 
	number = {5}, 
	pages = {2621-2623}, 
	year = {1998}, 
	URL = {http://www.pnas.org/content/95/5/2621.abstract}, 
	eprint = {http://www.pnas.org/content/95/5/2621.full.pdf}, 
	journal = {Proceedings of the National Academy of Sciences} 
}

@article{Oliva:2007:RoleOfContext,
	title={The role of context in object recognition},
	author={Oliva, Aude and Torralba, Antonio},
	journal={Trends in cognitive sciences},
	volume={11},
	number={12},
	pages={520--527},
	year={2007},
	publisher={Elsevier}
}

@article {Tresilian:1999:Vergence,
	author = {Tresilian, James R. and Mon-Williams, Mark and Kelly, Benjamin M.},
	title = {Increasing confidence in vergence as a cue to distance},
	volume = {266},
	number = {1414},
	pages = {39--44},
	year = {1999},
	doi = {10.1098/rspb.1999.0601},
	publisher = {The Royal Society},
	issn = {0962-8452},
	journal = {Proceedings of the Royal Society of London B: Biological Sciences}
}

@article{Mon-Williams:1999:ExtraretinalContribution,
	author = {Mon-Williams, Mark and Tresilian, James R}, 
	title = {Some Recent Studies on the Extraretinal Contribution to Distance Perception},
	volume = {28}, 
	number = {2}, 
	pages = {167-181}, 
	year = {1999}, 
	doi = {10.1068/p2737}, 
	URL = {http://pec.sagepub.com/content/28/2/167.abstract}, 
	eprint = {http://pec.sagepub.com/content/28/2/167.full.pdf+html}, 
	journal = {Perception} 
}

@book{Barry:2009:FixingMyGaze,
	title={Fixing my gaze: a scientist's journey into seeing in three dimensions},
	author={Barry, Susan R},
	year={2009},
	publisher={Basic Books}
}

@proceeding{Steenblik:1987:Chromadepth,
	author = {Steenblik, Richard A.},
	title = {The Chromostereoscopic Process: A Novel Single Image Stereoscopic Process},
	journal = {Proc. SPIE},
	volume = {0761},
	number = {},
	pages = {27-34},
	year = {1987},
	doi = {10.1117/12.940117},
	URL = { http://dx.doi.org/10.1117/12.940117},
	eprint = {}
}

@incollection{Ropinski:2006:Chromadepth,
	year={2006},
	isbn={978-3-540-36293-7},
	booktitle={Smart Graphics},
	volume={4073},
	series={Lecture Notes in Computer Science},
	editor={Butz, Andreas and Fisher, Brian and KrÃ¼ger, Antonio and Olivier, Patrick},
	doi={10.1007/11795018_9},
	title={Visually Supporting Depth Perception in Angiography Imaging},
	url={http://dx.doi.org/10.1007/11795018_9},
	publisher={Springer Berlin Heidelberg},
	author={Ropinski, Timo and Steinicke, Frank and Hinrichs, Klaus},
	pages={93-104},
	language={English}
}

@article{Borland:2007:RainbowColormap,
	author = {David Borland and Russell M. Taylor II},
	title = {Rainbow Color Map (Still) Considered Harmful},
	journal ={IEEE Computer Graphics and Applications},
	volume = {27},
	number = {2},
	issn = {0272-1716},
	year = {2007},
	pages = {14-17},
	doi = {http://doi.ieeecomputersociety.org/10.1109/MCG.2007.46},
	publisher = {IEEE Computer Society},
	address = {Los Alamitos, CA, USA},
}

@incollection{Moreland:2009:DivergingCM,
	year={2009},
	isbn={978-3-642-10519-7},
	booktitle={Advances in Visual Computing},
	volume={5876},
	series={Lecture Notes in Computer Science},
	editor={Bebis, George and Boyle, Richard and Parvin, Bahram and Koracin, Darko and Kuno, Yoshinori and Wang, Junxian and Pajarola, Renato and Lindstrom, Peter and Hinkenjann, AndrÃ© and EncarnaÃ§Ã£o, MiguelL. and Silva, ClÃ¡udioT. and Coming, Daniel},
	doi={10.1007/978-3-642-10520-3_9},
	title={Diverging Color Maps for Scientific Visualization},
	url={http://dx.doi.org/10.1007/978-3-642-10520-3_9},
	publisher={Springer Berlin Heidelberg},
	author={Moreland, Kenneth},
	pages={92-103},
	language={English}
}

@article{Treinish:2009:Should,
	title={Why Should Engineers and Scientists Be Worried About Color?},
	author={Treinish, Lloyd A and others},
	journal={IBM Thomas J. Watson Research Center, Yorktown Heights, NY},
	year={2009}
}

@inproceedings{Rind:2014:Tasks,
	title={User Tasks for Evaluation},
	author={Rind, Alexander and Aigner, Wolfgang and Wagner, Markus and Miksch, Silvia and Lammarsch, Tim},
	booktitle={Proceedings of the Fifth Workshop on Beyond Time and Errors: Novel Evaluation Methods for Visualization},
	year={2014},
	organization={ACM}
}

@inproceedings{Stasko:2014:ValueDrivenEvaluation,
	title={Value-driven Evaluation of Visualizations},
	author={Stasko, John},
	booktitle={Proceedings of the Fifth Workshop on Beyond Time and Errors: Novel Evaluation Methods for Visualization},
	year={2014},
	organization={ACM}
}

@inproceedings{Blaha:2014:RecommenderSystem,
	title={More bang for your research buck: toward recommender systems for visual analytics},
	author={Blaha, Leslie M and Arendt, Dustin L and Mohd-Zaid, Fairul},
	booktitle={Proceedings of the Fifth Workshop on Beyond Time and Errors: Novel Evaluation Methods for Visualization},
	year={2014},
	organization={ACM}
}

@inproceedings{Mercun:2014:ReactionCards,
	title={Evaluation of information visualization techniques: analysing user experience with reaction cards},
	author={Mer{\v{c}}un, Tanja},
	booktitle={Proceedings of the Fifth Workshop on Beyond Time and Errors: Novel Evaluation Methods for Visualization},
	year={2014},
	organization={ACM}
}

@ARTICLE{Lam:2012:EmpiricalStudies,
	author={Lam, H. and Bertini, E. and Isenberg, P. and Plaisant, C. and Carpendale, S.},
	journal={Visualization and Computer Graphics, IEEE Transactions on},
	title={Empirical Studies in Information Visualization: Seven Scenarios},
	year={2012},
	volume={18},
	number={9},
	pages={1520-1536},
	doi={10.1109/TVCG.2011.279},
	ISSN={1077-2626},
	month={Sept},}

@ARTICLE{Munzner:2009:NestedModel,
	author={Munzner, T.},
	journal={Visualization and Computer Graphics, IEEE Transactions on},
	title={A Nested Model for Visualization Design and Validation},
	year={2009},
	volume={15},
	number={6},
	pages={921-928},
	keywords={data visualisation;domain characterization;nested process model;visual encoding;visualization design;Algorithm design and analysis;Concrete;Coupled mode analysis;Data visualization;Diseases;Electronic mail;Encoding;Process design;Vocabulary;Writing;Models;design;evaluation.;frameworks},
	doi={10.1109/TVCG.2009.111},
	ISSN={1077-2626},
	month={Nov},}

@incollection{Kerren:2008:EvaluatingInformationVisualization,
	year={2008},
	isbn={978-3-540-70955-8},
	booktitle={Information Visualization},
	volume={4950},
	series={Lecture Notes in Computer Science},
	editor={Kerren, Andreas and Stasko, JohnT. and Fekete, Jean-Daniel and North, Chris},
	doi={10.1007/978-3-540-70956-5_2},
	title={Evaluating Information Visualizations},
	url={http://dx.doi.org/10.1007/978-3-540-70956-5_2},
	publisher={Springer Berlin Heidelberg},
	author={Carpendale, Sheelagh},
	pages={19-45},
	language={English}
}

@inproceedings{Plaisant:2004:ChallengeEvaluation,
	author = {Plaisant, Catherine},
	title = {The Challenge of Information Visualization Evaluation},
	booktitle = {Proceedings of the Working Conference on Advanced Visual Interfaces},
	series = {AVI '04},
	year = {2004},
	isbn = {1-58113-867-9},
	location = {Gallipoli, Italy},
	pages = {109--116},
	numpages = {8},
	url = {http://doi.acm.org/10.1145/989863.989880},
	doi = {10.1145/989863.989880},
	acmid = {989880},
	publisher = {ACM},
	address = {New York, NY, USA},
	keywords = {adoption, evaluation, return on investment, technology transfer, usability, usefulness, user studies, visualization},
} 

@incollection{Munzner:2008:InfoVis,
	year={2008},
	isbn={978-3-540-70955-8},
	booktitle={Information Visualization},
	volume={4950},
	series={Lecture Notes in Computer Science},
	editor={Kerren, Andreas and Stasko, JohnT. and Fekete, Jean-Daniel and North, Chris},
	doi={10.1007/978-3-540-70956-5_6},
	title={Process and Pitfalls in Writing Information Visualization Research Papers},
	url={http://dx.doi.org/10.1007/978-3-540-70956-5_6},
	publisher={Springer Berlin Heidelberg},
	author={Munzner, Tamara},
	pages={134-153},
	language={English}
}

@inproceedings{Barnum:2010:MoreThanAFeeling,
	author = {Barnum, Carol M. and Palmer, Laura A.},
	title = {More Than a Feeling: Understanding the Desirability Factor in User Experience},
	booktitle = {CHI '10 Extended Abstracts on Human Factors in Computing Systems},
	series = {CHI EA '10},
	year = {2010},
	isbn = {978-1-60558-930-5},
	location = {Atlanta, Georgia, USA},
	pages = {4703--4716},
	numpages = {14},
	url = {http://doi.acm.org/10.1145/1753846.1754217},
	doi = {10.1145/1753846.1754217},
	acmid = {1754217},
	publisher = {ACM},
	address = {New York, NY, USA},
}

@article{Benedek:2003:Desirability,
	title={Measuring Desirability: New methods for evaluating desirability in a usability lab setting},
	author={Benedek, Joey and Miner, Trish},
	journal={Proceedings of Usability Professionals Association},
	volume={2003},
	pages={8--12},
	year={2002},
	publisher={Orlando, USA}
}

@article{Birkeland:2012:UsVisPipeline,
	author    = {{\AA}smund Birkeland and
	Veronika Solt{\'{e}}szov{\'{a}} and
	Dieter H{\"{o}}nigmann and
	Odd Helge Gilja and
	Svein Brekke and
	Timo Ropinski and
	Ivan Viola},
	title     = {The Ultrasound Visualization Pipeline - {A} Survey},
	journal   = {CoRR},
	volume    = {abs/1206.3975},
	year      = {2012},
	url       = {http://arxiv.org/abs/1206.3975},
	timestamp = {Wed, 10 Oct 2012 21:28:53 +0200},
}

@inproceedings {Solteszova:2012:UsFiltering,
	booktitle = {Eurographics Workshop on Visual Computing for Biology and Medicine},
	editor = {Timo Ropinski and Anders Ynnerman and Charl Botha and Jos Roerdink},
	title = {{Lowest-Variance Streamlines for Filtering of 3D Ultrasound}},
	author = {SoltÃ©szovÃ¡, Veronika and Helljesen, Linn Emilie SÃ¦vil and Wein, Wolfgang and Gilja, Odd Helge and Viola, Ivan},
	year = {2012},
	publisher = {The Eurographics Association},
	ISSN = {2070-5778},
	ISBN = {978-3-905674-38-5},
	DOI = {10.2312/VCBM/VCBM12/041-048}
}

@ARTICLE{Michailovich:2006:Despeckling,
	author={Michailovich, O.V. and Tannenbaum, A.},
	journal={Ultrasonics, Ferroelectrics, and Frequency Control, IEEE Transactions on},
	title={Despeckling of medical ultrasound images},
	year={2006},
	volume={53},
	number={1},
	pages={64-78},
	doi={10.1109/TUFFC.2006.1588392},
	ISSN={0885-3010},
	month={Jan},}

@inproceedings {Solteszova:2014:VisibilityStreaming,
	booktitle = {Eurographics Workshop on Visual Computing for Biology and Medicine},
	editor = {Ivan Viola and Katja Buehler and Timo Ropinski},
	title = {{Visibility-Driven Processing of Streaming Volume Data}},
	author = {Solteszova, Veronika and Birkeland, Asmund and Viola, Ivan and Bruckner, Stefan},
	year = {2014},
	publisher = {The Eurographics Association},
	ISSN = {2070-5778},
	ISBN = {978-3-905674-62-0},
	DOI = {10.2312/vcbm.20141198}
}

@ARTICLE{Sakas:1995:UsVis,
	author={Sakas, G. and Schreyer, L.-A. and Grimm, M.},
	journal={Computer Graphics and Applications, IEEE},
	title={Preprocessing and volume rendering of 3D ultrasonic data},
	year={1995},
	volume={15},
	number={4},
	pages={47-54},
	doi={10.1109/38.391490},
	ISSN={0272-1716},
	month={Jul},}

@INPROCEEDINGS{Fattal:2001:VariationalClassification,
	author={Fattal, R. and Lischinski, D.},
	booktitle={Visualization, 2001. VIS '01. Proceedings},
	title={Variational classification for visualization of 3D ultrasound data},
	year={2001},
	pages={403-410},
	doi={10.1109/VISUAL.2001.964539},
	month={Oct},}

@inproceedings{Honigmann:2003:AdaptiveOTF,
	author = {Honigmann, Dieter and Ruisz, Johannes and Haider, Christoph},
	title = {Adaptive Design of a Global Opacity Transfer Function for Direct Volume Rendering of Ultrasound Data},
	booktitle = {Proceedings of the 14th IEEE Visualization 2003 (VIS'03)},
	series = {VIS '03},
	year = {2003},
	isbn = {0-7695-2030-8},
	pages = {64--},
	url = {http://dx.doi.org/10.1109/VIS.2003.10039},
	doi = {10.1109/VIS.2003.10039},
	acmid = {1081508},
	publisher = {IEEE Computer Society},
	address = {Washington, DC, USA},
	keywords = {3D ultrasound, direct volume rendering, transfer function},
} 

@phdthesis{Varchola:2012:Fetoscopic,
	title =      "Live Fetoscopic Visualization of 4D Ultrasound Data",
	author =     "Andrej Varchola",
	year =       "2012",	address =    "Favoritenstrasse 9-11/186, A-1040 Vienna, Austria",
	school =     "Institute of Computer Graphics and Algorithms, Vienna
	University of Technology",
	month =      oct,
	keywords =   "ultrasound, volume rendering, medical imaging",
	URL =        "http://www.cg.tuwien.ac.at/research/publications/2012/varchola_andrej-2012-fetoscopic/",
}

@ARTICLE{Levoy:1988:VolumeSurfaces,
	author={Levoy, M.},
	journal={Computer Graphics and Applications, IEEE},
	title={Display of surfaces from volume data},
	year={1988},
	volume={8},
	number={3},
	pages={29-37},
	keywords={computer graphics;computer graphics;isovalue contour surfaces;medical imaging;molecular graphics;picture plane;region boundary surfaces;smooth silhouettes;surface classification;volume data;volume-rendering;Application software;Biomedical imaging;Computed tomography;Computer graphics;Data visualization;Detectors;Displays;Rendering (computer graphics);Surface fitting;Surface treatment},
	doi={10.1109/38.511},
	ISSN={0272-1716},
	month={May},}

@ARTICLE{Kniss:2002:MultidimensionalTf,
	author={Kniss, J. and Kindlmann, G. and Hansen, C.},
	journal={Visualization and Computer Graphics, IEEE Transactions on},
	title={{Multidimensional transfer functions for interactive volume rendering}},
	year={2002},
	month={Jul},
	volume={8},
	number={3},
	pages={270-285},
	doi={10.1109/TVCG.2002.1021579},
	ISSN={1077-2626},
}

@ARTICLE{Sereda:2006:LhHistograms,
	author={Sereda, P. and Bartroli, A.V. and Serlie, I. W O and Gerritsen, F.A.},
	journal={Visualization and Computer Graphics, IEEE Transactions on},
	title={{Visualization of boundaries in volumetric data sets using LH histograms}},
	year={2006},
	month={March},
	volume={12},
	number={2},
	pages={208-218},
	doi={10.1109/TVCG.2006.39},
	ISSN={1077-2626},
}


@INPROCEEDINGS{Prassni:2010:ShapeBasedTf,
	author={Prassni, J.-S. and Ropinski, T. and Mensmann, J. and Hinrichs, K.},
	booktitle={Pacific Visualization Symposium (PacificVis), 2010 IEEE},
	title={{Shape-based transfer functions for volume visualization}},
	year={2010},
	month={March},
	pages={9-16},
	doi={10.1109/PACIFICVIS.2010.5429624},}

@ARTICLE{Salama:2006:SemanticTf,
	author={Rezk-Salama, C. and Keller, M. and Kohlmann, P.},
	journal={Visualization and Computer Graphics, IEEE Transactions on},
	title={{High-Level User Interfaces for Transfer Function Design with Semantics}},
	year={2006},
	month={Sept},
	volume={12},
	number={5},
	pages={1021-1028},
	doi={10.1109/TVCG.2006.148},
	ISSN={1077-2626},}

@inproceedings{Ropinski:2008:StrokeBasedTf,
	author = {Ropinski, T. and Prassni, J. and Steinicke, F. and Hinrichs, K.},
	title = {{Stroke-based Transfer Function Design}},
	booktitle = {Proceedings of the Fifth Eurographics / IEEE VGTC Conference on Point-Based Graphics},
	series = {SPBG'08},
	year = {2008},
	isbn = {978-3-905674-12-5},
	location = {Los Angeles, CA},
	pages = {41--48},
	numpages = {8},
	url = {http://dx.doi.org/10.2312/VG/VG-PBG08/041-048},
	doi = {10.2312/VG/VG-PBG08/041-048},
	acmid = {2386417},
	publisher = {Eurographics Association},
	address = {Aire-la-Ville, Switzerland, Switzerland},
} 

@inproceedings{Tzeng:2003:NovelInterface,
	author = {Tzeng, Fan-Yin and Lum, Eric B. and Ma, Kwan-Liu},
	title = {A Novel Interface for Higher-Dimensional Classification of Volume Data},
	booktitle = {Proceedings of the 14th IEEE Visualization 2003 (VIS'03)},
	series = {VIS '03},
	year = {2003},
	isbn = {0-7695-2030-8},
	pages = {66--},
	url = {http://dx.doi.org/10.1109/VISUAL.2003.1250413},
	doi = {10.1109/VISUAL.2003.1250413},
	acmid = {1081510},
	publisher = {IEEE Computer Society},
	address = {Washington, DC, USA},
} 

@INPROCEEDINGS{RezkSalama:2000:AutomaticAdjustment,
	author = {Christof Rezk-Salama and Peter Hastreiter and JÃ¶rg Scherer and GÃ¼nther Greiner},
	title = {Automatic Adjustment of Transfer Functions for 3D Volume Visualization},
	booktitle = {In Proc. Workshop Vision, Modeling, and Visualization (VMV},
	year = {2000},
	pages = {357--364},
	publisher = {a}
}

@INPROCEEDINGS{Patel:2009:MomentCurves,
	author={Patel, D. and Haidacher, M. and Balabanian, J.-P. and Groller, E.M.},
	booktitle={Visualization Symposium, 2009. PacificVis '09. IEEE Pacific},
	title={Moment curves},
	year={2009},
	pages={201-208},
	doi={10.1109/PACIFICVIS.2009.4906857},
	month={April},}

@inproceedings{Rautek:2008:SemanticsForIllustrativeVr,
	author = {Rautek, Peter and Bruckner, Stefan and Gr\"{o}ller, M. Eduard},
	title = {{Interaction-dependent Semantics for Illustrative Volume Rendering}},
	booktitle = {Proceedings of the 10th Joint Eurographics / IEEE - VGTC Conference on Visualization},
	series = {EuroVis'08},
	year = {2008},
	location = {Eindhoven, The Netherlands},
	pages = {847--854},
	numpages = {8},
	url = {http://dx.doi.org/10.1111/j.1467-8659.2008.01216.x},
	doi = {10.1111/j.1467-8659.2008.01216.x},
	acmid = {2421799},
	publisher = {Eurographics Association},
	address = {Aire-la-Ville, Switzerland, Switzerland},
} 

@ARTICLE{Jonsson:2016:DynamicGalleries,
	author={JÃ¶nsson, D. and Falk, M. and Ynnerman, A.},
	journal={Visualization and Computer Graphics, IEEE Transactions on},
	title={Intuitive Exploration of Volumetric Data Using Dynamic Galleries},
	year={2016},
	volume={22},
	number={1},
	pages={896-905},
	keywords={Cameras;Color;Data visualization;Image color analysis;Navigation;Rendering (computer graphics);Transfer functions;Transfer function;rendering;scalar fields;touch interaction;user interfaces;visualization;volume rendering},
	doi={10.1109/TVCG.2015.2467294},
	ISSN={1077-2626},
	month={Jan},}

@inproceedings{Marks:1997:DesignGalleries,
	author = {Marks, J. and Andalman, B. and Beardsley, P. A. and Freeman, W. and Gibson, S. and Hodgins, J. and Kang, T. and Mirtich, B. and Pfister, H. and Ruml, W. and Ryall, K. and Seims, J. and Shieber, S.},
	title = {Design Galleries: A General Approach to Setting Parameters for Computer Graphics and Animation},
	booktitle = {Proceedings of the 24th Annual Conference on Computer Graphics and Interactive Techniques},
	series = {SIGGRAPH '97},
	year = {1997},
	isbn = {0-89791-896-7},
	pages = {389--400},
	numpages = {12},
	url = {http://dx.doi.org/10.1145/258734.258887},
	doi = {10.1145/258734.258887},
	acmid = {258887},
	publisher = {ACM Press/Addison-Wesley Publishing Co.},
	address = {New York, NY, USA},
	keywords = {animation, computer-aided design, image rendering, lighting, motion synthesis, particle systems, physical modeling, visualization, volume rendering},
} 

@ARTICLE{VanPelt:2011:InteractiveProbing,
	author={van Pelt, R. and Olivan Bescos, J. and Breeuwer, M. and Clough, R.E. and Groller, M.E. and ter Haar Romeny, B. and Vilanova, A.},
	journal={Visualization and Computer Graphics, IEEE Transactions on},
	title={Interactive Virtual Probing of 4D MRI Blood-Flow},
	year={2011},
	volume={17},
	number={12},
	pages={2153-2162},
	doi={10.1109/TVCG.2011.215},
	ISSN={1077-2626},
	month={Dec},}

@ARTICLE{Lawonn:2016:BloodFlowWallThickness,
	author={Lawonn, K. and Glaber, S. and Vilanova, A. and Preim, B. and Isenberg, T.},
	journal={Visualization and Computer Graphics, IEEE Transactions on},
	title={Occlusion-free Blood Flow Animation with Wall Thickness Visualization},
	year={2016},
	volume={22},
	number={1},
	pages={728-737},
	keywords={Aneurysm;Biomedical imaging;Blood;Data visualization;Morphology;Surface morphology;Visualization;Medical visualization;aneurysms;blood flow;illustrative visualization;wall thickness},
	doi={10.1109/TVCG.2015.2467961},
	ISSN={1077-2626},
	month={Jan},}

@ARTICLE{Gasteiger:2011:FlowLens,
	author={Gasteiger, R. and Neugebauer, M. and Beuing, O. and Preim, B.},
	journal={Visualization and Computer Graphics, IEEE Transactions on},
	title={The FLOWLENS: A Focus-and-Context Visualization Approach for Exploration of Blood Flow in Cerebral Aneurysms},
	year={2011},
	volume={17},
	number={12},
	pages={2183-2192},
	doi={10.1109/TVCG.2011.243},
	ISSN={1077-2626},
	month={Dec},}

@ARTICLE{VanPelt:2010:StylisticFlowVis,
	author={van Pelt, R. and Olivan Bescos, J. and Breeuwer, M. and Clough, R.E. and Groller, E. and ter Haar Romenij, B. and Vilanova, A.},
	journal={Visualization and Computer Graphics, IEEE Transactions on},
	title={Exploration of 4D MRI Blood Flow using Stylistic Visualization},
	year={2010},
	volume={16},
	number={6},
	pages={1339-1347},
	doi={10.1109/TVCG.2010.153},
	ISSN={1077-2626},
	month={Nov},}

@article{Cercignani:2001:DWMRI,
	title = "The physical basis of diffusion-weighted \{MRI\} ",
	journal = "Journal of the Neurological Sciences ",
	volume = "186, Supplement 1",
	number = "",
	pages = "S11 - S14",
	year = "2001",
	note = "",
	issn = "0022-510X",
	doi = "http://dx.doi.org/10.1016/S0022-510X(01)00486-5",
	url = "http://www.sciencedirect.com/science/article/pii/S0022510X01004865",
	author = "Mara Cercignani and Mark A Horsfield",
	keywords = "Diffusion",
	keywords = "Motion",
	keywords = "Gradient pulses",
	keywords = "Tensor",
	keywords = "Anisotropy "
}

@article{Westin:2002:DTMRI,
	title = "Processing and visualization for diffusion tensor \{MRI\} ",
	journal = "Medical Image Analysis ",
	volume = "6",
	number = "2",
	pages = "93 - 108",
	year = "2002",
	note = "",
	issn = "1361-8415",
	doi = "http://dx.doi.org/10.1016/S1361-8415(02)00053-1",
	url = "http://www.sciencedirect.com/science/article/pii/S1361841502000531",
	author = "C.-F. Westin and S.E. Maier and H. Mamata and A. Nabavi and F.A. Jolesz and R. Kikinis",
	keywords = "Diffusion Tensor MRI",
	keywords = "Tractography",
	keywords = "Dual basis",
	keywords = "Geometrical diffusion measures",
	keywords = "Visualization "
}

@article{Basser:2011:DTI,
	title = "Microstructural and physiological features of tissues elucidated by quantitative-diffusion-tensor \{MRI\} ",
	journal = "Journal of Magnetic Resonance ",
	volume = "213",
	number = "2",
	pages = "560 - 570",
	year = "2011",
	note = "Magnetic MomentsGroundbreaking papers from the pages of the Journal Magnetic Resonance - and recollections from the scientists behind them ",
	issn = "1090-7807",
	doi = "http://dx.doi.org/10.1016/j.jmr.2011.09.022",
	url = "http://www.sciencedirect.com/science/article/pii/S109078071100334X",
	author = "Peter J. Basser and Carlo Pierpaoli"
}

@article {Mori:2002:FiberTracking,
	author = {Mori, Susumu and van Zijl, Peter C. M.},
	title = {Fiber tracking: principles and strategies â a technical review},
	journal = {NMR in Biomedicine},
	volume = {15},
	number = {7-8},
	publisher = {John Wiley & Sons, Ltd.},
	issn = {1099-1492},
	url = {http://dx.doi.org/10.1002/nbm.781},
	doi = {10.1002/nbm.781},
	pages = {468--480},
	keywords = {axonal tracking, diffusion tensor imaging, DTI, brain, methods},
	year = {2002},
}

@incollection{Westin:1999:DTI,
	year={1999},
	isbn={978-3-540-66503-8},
	booktitle={Medical Image Computing and Computer-Assisted Intervention â MICCAIâ99},
	volume={1679},
	series={Lecture Notes in Computer Science},
	editor={Taylor, Chris and Colchester, Alain},
	doi={10.1007/10704282_48},
	title={Image Processing for Diffusion Tensor Magnetic Resonance Imaging},
	url={http://dx.doi.org/10.1007/10704282_48},
	publisher={Springer Berlin Heidelberg},
	author={Westin, C.-F. and Maier, S.E. and Khidhir, B. and Everett, P. and Jolesz, F.A. and Kikinis, R.},
	pages={441-452},
	language={English}
}

@inproceedings{Haidacher:2008:MultimodalVis,
	author = {Haidacher, Martin and Bruckner, Stefan and Kanitsar, Armin and Gr\"{o}ller, M. Eduard},
	title = {Information-based Transfer Functions for Multimodal Visualization},
	booktitle = {Proceedings of the First Eurographics Conference on Visual Computing for Biomedicine},
	series = {EG VCBM'08},
	year = {2008},
	isbn = {978-3-905674-13-2},
	location = {Delft, The Netherlands},
	pages = {101--108},
	numpages = {8},
	url = {http://dx.doi.org/10.2312/VCBM/VCBM08/101-108},
	doi = {10.2312/VCBM/VCBM08/101-108},
	acmid = {2384025},
	publisher = {Eurographics Association},
	address = {Aire-la-Ville, Switzerland, Switzerland},
} 

@ARTICLE{Beyer:2007:MultimodalRendering,
	author={Beyer, J. and Hadwiger, M. and Wolfsberger, S. and Buhler, K.},
	journal={Visualization and Computer Graphics, IEEE Transactions on},
	title={High-Quality Multimodal Volume Rendering for Preoperative Planning of Neurosurgical Interventions},
	year={2007},
	volume={13},
	number={6},
	pages={1696-1703},
	doi={10.1109/TVCG.2007.70560},
	ISSN={1077-2626},
	month={Nov},}

@inproceedings {Lawonn:2015:IlusstrativePetCt,
	booktitle = {Eurographics Workshop on Visual Computing for Biology and Medicine},
	editor = {Katja BÃ¼hler and Lars Linsen and Nigel W. John},
	title = {{Illustrative Multi-volume Rendering for PET/CT Scans}},
	author = {Lawonn, Kai and Smit, Noeska and Preim, Bernhard and Vilanova, Anna},
	year = {2015},
	publisher = {The Eurographics Association},
	ISSN = {2070-5786},
	ISBN = {978-3-905674-82-8},
	DOI = {10.2312/vcbm.20151213}
}

@article {Fuchs:2009:MultivariateSciVis,
	author = {Fuchs, R. and Hauser, H.},
	title = {Visualization of Multi-Variate Scientific Data},
	journal = {Computer Graphics Forum},
	volume = {28},
	number = {6},
	publisher = {Blackwell Publishing Ltd},
	issn = {1467-8659},
	url = {http://dx.doi.org/10.1111/j.1467-8659.2009.01429.x},
	doi = {10.1111/j.1467-8659.2009.01429.x},
	pages = {1670--1690},
	keywords = {visualization, scientific visualization, multi-variate data visualization, multi-dimensional data visualization, multi-field visualization, scalar data visualization, flow visualization, tensor visualization, illustrative visualization},
	keywords = {I.3.8 [Computer Graphics]: Computer Graphics Applications},
	year = {2009},
}

@INPROCEEDINGS{Ropinski:2007:Surfaceglyphs,
	author = {Timo Ropinski and Michael Specht and Jennis Meyer-spradow and Klaus Hinrichs and Bernhard Preim},
	title = {Surface glyphs for visualizing multimodal volume data},
	booktitle = {In Proceedings of the 12th International Fall Workshop on Vision, Modeling, and Visualization (VMV07},
	year = {2007},
	pages = {3--12}
}

@inproceedings{Ropinski:2008:GlyphTaxonomy,
	author    = {Timo Ropinski and Bernhard Preim},
	title     = {Taxonomy and Usage Guidelines for Glyph-based Medical Visualization},
	booktitle = {Simulation and Visualization 2008 (SimVis 2008), 18-29 Februar 2008, Magdeburg},
	pages     = {121--138},
	year      = {2008},
	editor    = {Helwig Hauser and Steffen Stra{\ss}burger and Holger Theisel},
	publisher = {{SCS} Publishing House e.V.},
	isbn      = {3-936150-53-2},
	url       = {http://www.simvis.org/Tagung2008/sv-proceedings.html},
	timestamp = {Wed, 12 Mar 2008 10:45:56 +0100},
}

@article{Ward:2002:GlyphPlacement,
	author = {Ward, Matthew O}, 
	title = {A Taxonomy of Glyph Placement Strategies for Multidimensional Data Visualization},
	volume = {1}, 
	number = {3-4}, 
	pages = {194-210}, 
	year = {2002}, 
	doi = {10.1057/palgrave.ivs.9500025}, 
	URL = {http://ivi.sagepub.com/content/1/3-4/194.abstract}, 
	eprint = {http://ivi.sagepub.com/content/1/3-4/194.full.pdf+html}, 
	journal = {Information Visualization} 
}

@ARTICLE{MeyerSpradow:2008:GlyphVis,
	author={Meyer-Spradow, J. and Stegger, L. and Doring, C. and Ropinski, T. and Hinrichs, K.},
	journal={Visualization and Computer Graphics, IEEE Transactions on},
	title={Glyph-Based SPECT Visualization for the Diagnosis of Coronary Artery Disease},
	year={2008},
	volume={14},
	number={6},
	pages={1499-1506},
	doi={10.1109/TVCG.2008.136},
	ISSN={1077-2626},
	month={Nov},}

@inproceedings{Oeltze:2008:GlyphVis,
	author = {Steffen Oeltze and Anja Hennemuth and Sylvia GlaÃer and Caroline KÃ¼hnel and Bernhard Preim },
	title = {{Glyph-Based Visualization of Myocardial Perfusion Data and Enhancement with Contractility and Viability Information}},
	pages = {11-20},
	URL = {http://diglib.eg.org/EG/DL/WS/VCBM/VCBM08/011-020.pdf},
	DOI = {10.2312/VCBM/VCBM08/011-020},
	editor = {Charl Botha and Gordon Kindlmann and Wiro Niessen and Bernhard Preim},
	booktitle = {Proceedings of the First Eurographics Workshop on Visual Computing for Biomedicine},
	year = {2008},
	isbn = {978-3-905674-13-2},
	issn = {2070-5778},
	address = {Delft, The Netherlands},
	publisher = {Eurographics Association}
}


@techreport{SchulteZuBerge:2014:CAMPVis,
	author = {{Schulte zu Berge}, Christian and Grunau, Artur and Mahmud, Hossain and Navab, Nassir},
	title = {{CAMPVis} -- {A} Game Engine-inspired Research Framework for Medical Imaging and Visualization},
	url = {\url{http://campar.in.tum.de/Main/CAMPVis}},
	institution = {Technische Universit{\"a}t M{\"u}nchen},
	year = {2014},
}

@article{Han:2011:UncertaintyInHealthCare,
	author = {Han, Paul K. J. and Klein, William M. P. and Arora, Neeraj K.}, 
	title = {Varieties of Uncertainty in Health Care: A Conceptual Taxonomy},
	volume = {31}, 
	number = {6}, 
	pages = {828-838}, 
	year = {2011}, 
	doi = {10.1177/0272989X10393976}, 
	URL = {http://mdm.sagepub.com/content/31/6/828.abstract}, 
	eprint = {http://mdm.sagepub.com/content/31/6/828.full.pdf+html}, 
	journal = {Medical Decision Making} 
}

@article{Ristovski:2014:UncertaintyInMedVis,
	title = "Uncertainty in medical visualization: Towards a taxonomy ",
	journal = "Computers \& Graphics ",
	volume = "39",
	number = "",
	pages = "60 - 73",
	year = "2014",
	note = "",
	issn = "0097-8493",
	doi = "http://dx.doi.org/10.1016/j.cag.2013.10.015",
	url = "http://www.sciencedirect.com/science/article/pii/S0097849313001568",
	author = "Gordan Ristovski and Tobias Preusser and Horst K. Hahn and Lars Linsen",
	keywords = "Taxonomies",
	keywords = "Uncertainty visualization",
	keywords = "Biomedical and medical visualization "
}

@ARTICLE{Pothkow:2011:PositionalUncertainty,
  title={Positional uncertainty of isocontours: Condition analysis and probabilistic measures},
  author={P{\"o}thkow, Kai and Hege, Hans-Christian},
  journal={Visualization and Computer Graphics, IEEE Transactions on},
  volume={17},
  number={10},
  pages={1393--1406},
  year={2011},
  publisher={IEEE}
}

@inproceedings{Pfaffelmoser:2011:VisualizingVariability,
	title={Visualizing the positional and geometrical variability of isosurfaces in uncertain scalar fields},
	author={Pfaffelmoser, Tobias and Reitinger, Matthias and Westermann, R{\"u}diger},
	booktitle={Computer Graphics Forum},
	volume={30},
	number={3},
	pages={951--960},
	year={2011},
	organization={Wiley Online Library}
}

@article{Prassni:2010:Uncertainty,
	title={Uncertainty-aware guided volume segmentation},
	author={Pra{\ss}ni, J{\"o}rg Stefan and Ropinski, Timo and Hinrichs, Klaus},
	journal={Visualization and Computer Graphics, IEEE Transactions on},
	volume={16},
	number={6},
	pages={1358--1365},
	year={2010},
	publisher={IEEE}
}

@article{Rieder:2011:AblationApproximation,
	title={GPU-based real-time approximation of the ablation zone for radiofrequency ablation},
	author={Rieder, Christian and Kroeger, Thorben and Schumann, Christian and Hahn, Horst K},
	journal={Visualization and Computer Graphics, IEEE Transactions on},
	volume={17},
	number={12},
	pages={1812--1821},
	year={2011},
	publisher={IEEE}
}

@article{Brecheisen:2009:ParameterSensitivy,
	title={Parameter sensitivity visualization for DTI fiber tracking},
	author={Brecheisen, Ralph and Vilanova, Anna and Platel, Bram and Romeny, Bart Ter Haar},
	journal={Visualization and Computer Graphics, IEEE Transactions on},
	volume={15},
	number={6},
	pages={1441--1448},
	year={2009},
	publisher={IEEE}
}

@article{Obermaier:2014:FutureEnsemble,
	title={Future challenges for ensemble visualization},
	author={Obermaier, Henriette and Joy, Kenneth and others},
	journal={Computer Graphics and Applications, IEEE},
	volume={34},
	number={3},
	pages={8--11},
	year={2014},
	publisher={IEEE}
}

@inproceedings{Rautenhaus:2015:EnsembleVisualization,
	title={Visualization of 3D ensemble weather forecasts to predict uncertain warm conveyor belt situations},
	author={Rautenhaus, Marc and Grams, Christian M and Sch{\"a}fler, Andreas and Westermann, R{\"u}diger},
	booktitle={EGU General Assembly Conference Abstracts},
	volume={17},
	pages={11908},
	year={2015}
}

@ARTICLE{Hao:2016:TemporalEnsembles,
	author={Hao, L. and Healey, C.G. and Bass, S.A.},
	journal={Visualization and Computer Graphics, IEEE Transactions on},
	title={Effective Visualization of Temporal Ensembles},
	year={2016},
	volume={22},
	number={1},
	pages={787-796},
	keywords={Data mining;Data visualization;Octrees;Shape;Shape measurement;Three-dimensional displays;Visualization;Ensemble visualization},
	doi={10.1109/TVCG.2015.2468093},
	ISSN={1077-2626},
	month={Jan},}
